@article{gopsill2020, 
    title={DEMOCRATISING DESIGN THROUGH SURROGATE MODEL CONVOLUTIONAL NEURAL NETWORKS OF COMPUTER AIDED DESIGN REPOSITORIES}, 
    volume={1}, 
    DOI={10.1017/dsd.2020.93}, 
    journal={Proceedings of the Design Society: DESIGN Conference}, 
    publisher={Cambridge University Press}, 
    author={Gopsill, J. and Jennings, S.}, 
    year={2020}, 
    pages={1285â€“1294}
}