@book{beitz1996,
    title={Engineering design: a systematic approach},
    author={Beitz, W and Pahl, G and Grote, K},
    publisher={Springer, Berlin},
    year={1996},
    doi={10.1007/978-1-4471-3581-4}
}

@incollection{finger2002,
  author      = "S. Finger and R. Rinderle",
  title       = "Transforming behavioural and physical representations of mechanical designs",
  editor      = "A. Chakrabarti",
  booktitle   = "Engineering Design Synthesis",
  publisher   = "Springer",
  address     = "London",
  year        = 2002,
  pages       = "303-317",
  chapter     = 10,
doi = {10.1007/978-1-4471-3717-7}
}

@article{cash2013,
    author = {P. Cash and B. Hicks and S. Culley},
    title = {A comparison of designer activity using core design situations in the laboratory and practice},
    journal = {Design Studies},
    volume = {34},
    issue = 5,
pages = {1-32},
    year = 2013,
doi = {10.1016/j.destud.2013.03.002}
}

@inproceedings{gopsill2021, title={CAPTURING MATHEMATICAL AND HUMAN PERCEPTIONS OF SHAPE AND FORM THROUGH MACHINE LEARNING}, volume={1}, DOI={10.1017/pds.2021.59}, booktitle={Proceedings of the Design Society}, publisher={Cambridge University Press}, author={Gopsill, James and Goudswaard, Mark and Jones, David and Hicks, Ben}, year={2021}, pages={591â€“600}}


@online{martin2017,
    author = {R. L. Martin},
    year = 2017,
title = {Using Design Thinking to Build Commitment to a New Idea},
pubnlisher={Harvard Business Review},
url = {https://hbr.org/2017/01/use-design-thinking-to-build-commitment-to-a-new-idea},
note={accessed 18.05.2019},
}

@techreport{ds2012,
author={{The Design Society}},
title={Design Society White Paper No. 1/2012 Engineering Design Research},
institution={Design Society},
year={2012}
}

@phdthesis{wynn2007,
    author = {D. C. Wynn} ,
    title = {Model-based approaches to support process improvement in complex product development},
    school = {University of Cambridge},
    year = 2007,
    doi={10.17863/CAM.13990}
}


@techreport{iso9000,
type = {Standard},
key = {ISO 9000:2015},
month = mar,
year = {2000},
title = {Quality management systems -- Fundamentals and vocabulary},
volume = {2015},
address = {Geneva, CH},
institution = {International Organization for Standardization}
}

